1784 3103
105 187 202 236 462
447 165 852 223 TACCACEAE.
888 172 1056 209 IANDL.
1093 155 1308 216 (Tacca.)

110 326 304 366 aequanS,
344 304 516 358 pedalis,
557 299 712 350 glaber,
748 294 936 336 striatus,
970 287 1086 339 apice
1123 282 1293 321 florifer.
1361 275 1566 315 Involucri
1600 271 1660 310 fo-

109 373 206 411 liola
254 365 448 405 inferiora
494 358 724 400 suberecta,
769 360 959 394 concava,
1002 341 1219 380 umbellam
1265 333 1530 374 multissoram
1577 330 1661 366 fere

110 423 328 477 aequantia
363 429 534 467 eamque
576 406 885 462 amplectentia3
925 399 1141 452 superiora
1173 395 1312 432 itidem
1347 401 1537 434 concava,
1565 384 1663 422 sub-

113 477 377 529 triangularia
410 471 604 511 auriculis
644 462 893 507 rotundatis,
937 457 1024 495 basi
1055 465 1201 502 nempe
1239 448 1447 487 levissime
1478 442 1614 479 excisa
1644 452 1665 475 e

115 541 205 578 sinu
236 537 273 573 in
309 531 507 584 petiolum
538 520 970 562 cuneum-attenuata,
1000 514 1160 557 erecta,
1189 504 1408 543 umbellam
1441 497 1667 542 comantia,

115 599 290 644 utraque.
320 584 579 625 multinervia
613 583 653 616 et
683 575 925 615 acuminata.
983 564 1173 606 Pedicelli
1208 562 1302 600 nudi
1331 560 1357 597 i.
1393 572 1426 595 e.
1459 555 1669 592 ebracteo-

115 652 202 690 lati.
266 645 398 684 Floris
431 640 582 679 sabi-ica
615 637 755 672 exacte
778 634 824 668 ut
851 630 890 666 in
923 624 1204 677 praecedente.
1249 617 1279 656 I.
1300 615 1346 654 C.
1373 613 1567 658 Sebauer,
1601 606 1671 658 qui

119 707 230 746 addit
264 716 310 739 ex
340 696 562 747 Junghuhn
595 702 719 730 mss.:
753 684 1030 725 Periantliium
1069 679 1520 724 cinereo-purpureum.
1578 662 1673 711 Sty-

119 765 183 801 lus
216 755 481 799 columnaris,
512 748 720 793 centralis,
750 744 964 794 triqueter,
992 734 1153 785 angulis
1183 730 1314 769 acutis
1344 719 1673 778 prominentibus

122 818 273 870 sepalis
303 808 573 851 interioribus
615 801 847 855 oppositis3
885 797 1033 844 stigma
1066 787 1292 833 terminale,
1327 783 1557 826 dilatatum,
1587 787 1675 811 um-

121 872 427 914 braculil'orme,
458 862 726 915 tripartitum,
754 853 977 904 segmentis
1021 846 1181 896 angulis
1216 840 1401 887 alternis,
1441 835 1573 887 primo
1609 832 1678 867 de.-

125 931 244 969 ssexis
278 928 368 964 dein
399 916 744 960 horizontalilius,
775 912 890 962 apice
923 907 1074 945 obtuse
1104 900 1280 939 bilobis:
1314 895 1421 933 lobis
1443 891 1592 929 subtus
1619 887 1679 923 in-

126 984 325 1025 crassatis
369 977 562 1016 velutinis
607 967 929 1013 luteseentib1183
975 958 1194 1009 (stigma'?)
1239 956 1354 992 fovea
1386 952 1426 987 in
1455 944 1680 994 emargina-

128 1048 221 1081 tura
251 1041 359 1077 inter
388 1033 554 1072 lobulos
590 1026 806 1080 profunda.
861 1021 1039 1059 Fructus
1074 1015 1242 1061 inferus,
1274 1009 1579 1060 polyspermus,
1613 1011 1681 1035 su-

130 1099 236 1137 turis
277 1093 412 1133 tribus
456 1088 709 1127 instructus3
756 1079 910 1116 semina
949 1072 1147 1125 pendula,
1200 1064 1369 1104 funiculi
1418 1053 1681 1108 longiusculi,

132 1153 291 1194 suturis
325 1148 448 1187 affixi.
486 1167 534 1175 --
571 1142 607 1179 A
636 1138 680 1178 T.
697 1134 892 1186 Rumpbii
917 1132 1005 1183 jam
1033 1127 1175 1166 habitu
1208 1122 1313 1160 l'acili
1342 1117 1508 1166 negotio
1540 1111 1684 1149 distin-

131 1211 294 1262 guitur;
332 1204 469 1242 ‹liss'ert
507 1200 612 1238 enim
646 1194 755 1232 soliis
797 1191 931 1229 minus
970 1182 1172 1237 profunde
1213 1176 1390 1230 partitis,
1427 1171 1530 1209 lobis
1567 1166 1686 1204 latio-

132 1267 265 1313 ribus,
310 1263 401 1299 sinu
446 1254 699 1310 perangusto
743 1244 1041 1290 interstinctis,
1088 1238 1245 1276 inferne
1285 1229 1505 1279 contiguis,
1574 1223 1606 1260 Ι.
1639 1219 1685 1257 C.

134 1322 329 1360 Schauer.
361 1340 416 1346 —-
471 1311 663 1350 Schultes
695 1307 875 1357 plantam
919 1298 1144 1338 secundum
1183 1290 1388 1343 specimen
1421 1284 1687 1322 Blumeanum

137 1381 196 1417 sic
227 1373 446 1413 describit:
478 1368 630 1406 Radix:
670 1362 791 1400 tuber
823 1362 1004 1403 ovatum,
1043 1354 1284 1402 depressum
1317 1358 1352 1383 ν.
1382 1343 1465 1379 sere
1493 1333 1690 1389 placenti-

139 1436 282 1479 l'orme,
315 1433 434 1467 extus
464 1421 677 1474 inaequale
707 1422 748 1455 et
780 1417 818 1454 in
856 1413 976 1452 siccis
1012 1408 1161 1461 pallide
1191 1405 1367 1447 fuscum,
1397 1399 1507 1435 intus
1539 1391 1691 1430 sarino-

140 1504 247 1537 sum,
288 1486 482 1530 albidum,
525 1481 645 1517 diam.
691 1473 810 1526 poll.;
858 1469 971 1507 fibris
1011 1461 1257 1503 radicalibus
1296 1455 1400 1493 baud
1443 1446 1692 1493 numerosis,

141 1542 446 1586 crassiusculis,
479 1536 643 1580 albidis,
672 1529 838 1580 glabris.
903 1524 1018 1562 Folia
1047 1519 1182 1557 omnia
1211 1511 1416 1555 radicalia,
1456 1511 1501 1544 ut
1532 1504 1694 1541 videtur

142 1615 273 1655 pauca
304 1602 344 1635 et
375 1597 480 1634 forte
514 1589 714 1634 solitaria,
756 1584 905 1628 erecta,
936 1581 1057 1626 longe
1091 1572 1301 1627 petiolata,
1333 1565 1496 1616 glabra,
1538 1557 1694 1612 petiole

145 1654 430 1698 teretiusculo,
459 1651 499 1687 in
536 1646 656 1685 siccis
689 1636 1038 1680 sulcato-striato,
1065 1630 1256 1669 laminam
1290 1635 1434 1661 versus
1468 1630 1594 1668 supra
1627 1626 1697 1650 an-

145 1716 268 1765 guste
313 1706 604 1749 canaliculato,
649 1701 727 1737 ima
771 1695 857 1732 basi
889 1685 1298 1740 vaginam-dilatato
1339 1683 1379 1716 et
1412 1677 1460 1714 ad
1494 1671 1696 1720 margines

147 1767 477 1809 membranaceo,
506 1759 608 1798 satis
640 1753 795 1807 gracili,
828 1747 1027 1800 lO-poll.;
1071 1742 1218 1781 lamina
1251 1739 1276 1777 8
1307 1734 1403 1787 poll.
1436 1732 1519 1769 fere
1551 1728 1700 1764 diame-

149 1831 230 1872 tro,
264 1815 683 1861 cordato-renisormi,
714 1809 877 1860 pedata,
917 1804 1158 1855 plerumque
1189 1796 1237 1833 ad
1272 1792 1367 1844 poll.
1396 1804 1418 1826 a
1444 1786 1534 1825 basi
1566 1793 1699 1832 usque

151 1882 282 1921 divisa
315 1879 354 1915 in
387 1874 553 1913 lacinias
584 1872 623 1918 7,
668 1867 758 1904 sinu
791 1863 968 1911 angusto
998 1857 1243 1907 disjunctaS,
1281 1845 1530 1886 lanceolatas
1560 1853 1595 1878 v,
1629 1836 1700 1874 ob-

152 1931 563 1977 ovato-lanceolatas,
592 1923 776 1963 acumine
806 1918 1016 1963 subulato,
1046 1911 1176 1950 basim
1203 1919 1347 1944 versus
1380 1900 1602 1953 quidquam
1635 1906 1705 1930 au-

153 1995 359 2045 gustatas,
390 1983 691 2035 integerrimas,
721 1977 970 2016 cliartaeeas,
1008 1968 1191 2008 saturate
1218 1962 1384 2007 virides,
1414 1954 1704 2008 penninerves:

156 2061 281 2089 nervo
317 2045 452 2083 medio
490 2040 639 2078 subtus
670 2033 942 2086 prominente,
971 2026 1067 2080 Ωὲ-ίι
1089 2022 1183 2075 poll.
1217 2018 1318 2058 9-10
1346 2016 1415 2054 lin,
1434 2014 1547 2049 latas.
1584 2004 1707 2054 Scapi

157 2103 373 2149 radicales,
413 2097 553 2144 erecti,
599 2086 911 2142 simplicissimi,
949 2083 1062 2128 nudi,
1103 2075 1249 2126 glabri,
1294 2073 1332 2109 in
1378 2068 1497 2106 siccis
1528 2063 1709 2102 sulcato-

160 2160 311 2205 striati,
346 2155 473 2196 15-16
508 2151 621 2203 poll.,
655 2144 843 2184 crassitie
876 2152 1033 2192 pennae
1067 2133 1254 2172 anatinae
1282 2127 1344 2165 vel
1378 2123 1600 2165 tenuiores,
1630 2118 1712 2154 ima

158 2218 248 2257 basi
282 2214 428 2262 vagina
464 2206 631 2247 radicali
660 2204 810 2247 erecta,
843 2192 1220 2244 semiamplexante,
1258 2181 1500 2224 lanceolata,
1531 2173 1713 2213 acutius-

160 2274 265 2319 cula,
303 2268 623 2308 membranacea,
654 2257 789 2297 nervis
817 2254 976 2304 aliquot
1004 2246 1181 2287 sortibus
1208 2233 1590 2289 longitudinalibus,
1612 2228 1710 2280 poll.

161 2329 425 2367 Involucrum
455 2316 761 2369 tetraphyllum,
807 2306 1130 2350 1'2-24-ssorum3
1168 2297 1306 2337 foliola
1339 2295 1363 2332 2
1398 2290 1602 2329 exteriora
1635 2283 1712 2321 sub

163 2380 471 2423 inflorescentia
499 2380 544 2415 ut
571 2374 733 2410 videtur
761 2365 958 2418 patentia,
985 2363 1065 2399 late
1097 2358 1232 2402 ovata,
1262 2350 1439 2396 sessilia,
1467 2342 1712 2387 acuminata,

164 2443 205 2478 in
236 2438 356 2475 siccis
399 2429 694 2474 fusco-viridia,
733 2419 1017 2464 9-15-nervia:
1058 2413 1193 2452 nervis
1232 2403 1531 2458 inaequalibus,
1564 2396 1714 2436 subtus

166 2491 523 2548 prominentibus,
566 2485 664 2539 1}-2
705 2480 803 2533 poll.
853 2474 950 2527 1-1ὲ
994 2472 1091 2524 poll.
1126 2469 1226 2513 lata,
1268 2466 1292 2504 2
1333 2460 1528 2499 interiora
1566 2454 1714 2498 erecta,

166 2546 620 2591 subilastato-cordata,
653 2535 846 2577 auriculis
874 2530 1051 2577 inflexis,
1084 2524 1262 2563 breviter
1293 2516 1538 2560 acuminata,
1569 2511 1609 2547 in
1642 2520 1717 2544 un-

170 2619 292 2658 guem
324 2603 341 2658 Ξ
375 2603 474 2654 poll.
509 2597 742 2649 angustata,
775 2587 1009 2630 ll-nervia:
1051 2594 1186 2620 nervis
1227 2563 1717 2617 reticulato-eonjunctis,

175 2662 272 2717 1}-2
307 2660 404 2710 poll.
449 2656 543 2711 1-1J3
580 2653 676 2706 poll.
705 2650 808 2693 lata3
853 2643 987 2682 omnia
1031 2635 1308 2687 integerrima,
1348 2628 1503 2678 glabra.
1576 2621 1718 2658 Flores

174 2716 400 2762 umbellati,
434 2709 645 2763 inexpansi
677 2706 886 2748 nutantes,
925 2694 1114 2734 deflorati
1147 2691 1286 2728 erecti.
1346 2678 1568 2722 Pedunculi
1607 2677 1720 2713 invo-

176 2777 293 2813 lucro
328 2771 553 2814 breviores,
585 2766 663 2803 filis
694 2760 818 2800 nullis
850 2751 1089 2798 intermixti,
1121 2742 1393 2787 teretiusculi,
1420 2739 1460 2774 in
1489 2734 1609 2772 siccis
1638 2729 1722 2768 sul-

178 2826 497 2876 cato-angulosi,
528 2821 673 2873 glabri,
703 2817 780 2856 sub
813 2806 1116 2851 inflorescentia
1143 2805 1165 2842 7
1187 2803 1256 2841 lin,
1317 2796 1443 2844 Calyx
1474 2790 1535 2828 vel
1565 2787 1723 2840 perian-

181 2887 312 2926 thium
353 2880 705 2931 campanulatum,
745 2868 1119 2909 membranaceum,
1163 2858 1246 2895 sere
1284 2852 1494 2904 glabrum,
1534 2846 1574 2882 in
1606 2841 1725 2881 siccis

182 2944 360 2988 fuscum,
390 2939 413 2977 5
435 2938 503 2976 lin.
536 2935 620 2973 fere
653 2931 791 2976 diam.,
821 2926 868 2964 ad
899 2921 924 2976 ξ
955 2917 1221 2971 6·partitum;
1261 2908 1420 2948 laciniis
1452 2896 1726 2942 exterioribus
