1784 3103
149 896 658 941 AMARYLLIDEAE
696 906 910 951 BROWN„
936 908 1119 950 Lmen,
1156 908 1320 952 ENDL„
1358 895 1557 958 ΒΟΕΜΪ)

82 1001 278 1043 Narcissi
315 1001 434 1044 Juss.
474 1004 605 1053 Gen.,
658 1000 920 1043 Narcisseae
962 1001 1080 1043 Juss.
1125 1001 1239 1043 Dict.
1285 1002 1394 1044 excl.
1440 1010 1547 1048 sect.
1583 1007 1621 1047 l.

81 1113 265 1198 Flores
304 1156 652 1211 hermaphroditi.
716 1156 991 1211 Perigonium
1040 1172 1266 1212 superum,
1313 1157 1622 1214 corollaceum,

85 1235 406 1289 liexaphyllum,
450 1235 650 1288 regulare
690 1235 758 1276 vel
803 1235 1059 1288 irregulare,
1102 1235 1313 1276 interdum
1345 1235 1473 1277 fauce
1504 1252 1625 1279 coro-

83 1312 243 1356 natum,
273 1308 847 1363 marcescende-persistens
879 1306 946 1348 vel
982 1307 1229 1359 deciduum3
1271 1308 1416 1349 foliola
1459 1309 1624 1352 inferne

82 1378 508 1431 tubuloso—connata,
538 1381 679 1420 rarius
713 1380 934 1429 distincta,
969 1379 1171 1433 aequalia
1202 1379 1270 1421 vel
1304 1380 1509 1422 interiora
1535 1383 1624 1437 (pe-

82 1451 193 1505 tala)
235 1451 345 1492 alius
388 1452 663 1492 dimensionis
700 1456 743 1492 et
783 1451 951 1491 formae
1040 1450 1323 1492 Praefloratio
1368 1451 1620 1504 imbricata3

81 1521 231 1563 foliola
268 1523 473 1563 interiora
515 1523 802 1564 exterioribus
842 1523 1030 1563 obtecta.
1101 1522 1300 1564 Stamina
1327 1523 1352 1562 6
1384 1524 1624 1577 (rarissime

85 1595 135 1634 12
166 1594 233 1636 vel
267 1595 349 1648 18),
381 1595 540 1636 foliolis
582 1596 790 1650 per-igonii
832 1594 1033 1650 opposita
1074 1594 1210 1650 iisque
1246 1595 1387 1649 magis
1426 1597 1623 1640 minusve

83 1667 170 1708 alte
201 1669 378 1719 adnata,
426 1669 564 1709 rarius
602 1669 805 1709 distincta
835 1667 1074 1722 (epigyna),
1114 1667 1316 1722 aequalia
1352 1668 1422 1710 vel
1454 1669 1623 1712 alterna

83 1741 212 1793 (nunc
242 1740 446 1793 petalina‚
484 1755 596 1781 nunc
630 1740 844 1795 sepalina)
885 1739 1099 1793 longiora,
1131 1744 1294 1792 erecta,
1328 1739 1539 1782 interdum
1571 1742 1624 1784 ir-

81 1811 303 1865 regularia
333 1816 376 1852 et
407 1812 637 1853 declinata.
699 1811 943 1852 Filamenta
975 1811 1178 1851 distincta
1209 1811 1277 1852 vel
1309 1811 1486 1865 basibus
1519 1814 1624 1855 dila-

82 1883 187 1924 tatis
218 1883 257 1923 in
291 1898 492 1924 coronam
538 1884 769 1925 faueialem
803 1890 1004 1934 connata,
1037 1883 1076 1923 in
1111 1882 1334 1924 alabastro
1364 1889 1528 1937 erecta,
1558 1902 1622 1927 ra-

81 1956 168 1997 rius
199 1955 369 1997 inflexa.
434 1957 652 1998 Antlierae
684 1956 956 2006 biloculares,
998 1956 1185 2005 amicae,
1222 1956 1350 1996 dorso
1380 1971 1513 2011 supra
1546 1957 1621 1999 ba-

83 2028 160 2068 sim
188 2027 256 2069 vel
283 2029 338 2068 ad
372 2028 553 2069 medium
582 2028 757 2080 affixae,
791 2028 989 2081 mobiles,
1021 2028 1159 2068 rarius
1185 2027 1414 2079 basifixae,
1446 2034 1621 2071 erectae

83 2105 125 2141 et
153 2105 254 2141 tunc
288 2099 535 2156 plerumque
563 2116 639 2155 pro
673 2101 922 2156 receptione
951 2100 1154 2141 filamenti
1193 2098 1400 2154 profunde
1430 2100 1621 2155 perfora-

81 2178 178 2221 tae,
238 2172 366 2213 loculi
410 2174 643 2213 secundum
698 2173 1009 2226 longitudinem
1055 2173 1352 2223 dehiscentes,
1396 2174 1620 2216 rarissime

82 2245 206 2299 apice
237 2245 345 2285 rima
374 2244 555 2285 hiantes.
615 2245 819 2287 Ovarium
851 2246 944 2286 basi
976 2245 1184 2300 perigenii
1218 2245 1450 2285 secundum
1483 2251 1620 2287 totam

83 2316 390 2371 longitudinem
428 2319 650 2368 adnatum,
689 2318 898 2358 interdum
929 2333 1094 2358 summo
1126 2316 1291 2358 vertice
1322 2316 1619 2373 (areaeformi)

84 2387 275 2439 liberum,
306 2389 574 2438 triloeulare,
606 2389 644 2429 in
681 2389 1025 2431 Calostemmate
1064 2389 1199 2444 septis
1235 2389 1507 2444 incompletis
1532 2393 1620 2431 uui-

83 2459 296 2511 loculare3
334 2461 461 2502 loculi
494 2461 654 2502 foliolis
688 2462 894 2517 sepalinis
937 2462 1136 2517 oppositi.
1205 2460 1347 2502 Ovula
1386 2462 1427 2502 in
1468 2462 1621 2504 loculis

84 2531 222 2587 plura,
253 2532 391 2573 rarius
421 2548 577 2588 pauca,
622 2534 782 2588 angulo
823 2535 990 2575 interno
1034 2534 1282 2589 plerumque
1311 2548 1387 2588 per
1416 2536 1524 2575 duas
1557 2549 1622 2575 se-

83 2606 167 2645 ries
196 2604 329 2645 aftixa
370 2610 412 2645 et
449 2606 744 2656 horizontalia,
778 2611 1006 2660 anatropa,
1040 2607 1252 2647 interilum
1285 2607 1368 2647 duo
1394 2605 1621 2647 collatera-

84 2675 141 2716 lia
173 2676 238 2718 vel
267 2676 479 2729 solitaria,
521 2678 856 2728 adscendentia,
893 2678 1115 2720 rarissime
1146 2678 1345 2733 pendula.
1410 2678 1621 2718 Columna

87 2747 245 2798 stylina
275 2749 528 2800 terminalis,
559 2750 796 2792 directione
823 2750 1066 2803 staminum,
1095 2748 1621 2800 canaliculato-fistulosa,

176 2912 208 2956 ⁹)
237 2913 423 2959 Synopses
450 2916 684 2962 monograph.
704 2916 796 2952 fasc.
821 2916 854 2952 4.
874 2926 959 2961 pars
984 2916 1015 2950 1.
1041 2915 1142 2952 1847.

1173 2966 1358 3025 [δυ’]
